\Sort{
  Mode{on}
  Collation{mixed}
  SortTypeOrder{pattern,key,name}
  NameOrder{ascending}
  Key{{author,editor},\year{year,note}}
  KeyOrder{descending,nulls first}
  Pattern{author+editor: "doron"}
  PatternOrder{first}
}
ï»¿
@MISC{example,
  author = {Recht, D. L.},
  year = 2006,
  title = {A Phenomenological Model of Photoinduced Surface Relief Formation
          in Arsenic Sulfide},
  note = {{P}rinceton {U}niversity {T}hesis}
}
